<collection xmlns="http://www.loc.gov/MARC21/slim">
<record>
  <leader>01047nam0a22002171i 450 </leader>
  <controlfield tag="001">IT\ICCU\CNCE\065200</controlfield>
  <controlfield tag="005">20060802000000.0</controlfield>
  <datafield tag="012" ind1=" " ind2=" ">
    <subfield code="a">uaua e.e, s.4. i.ra (C) 1585 (R)</subfield>
    <subfield code="2">fei</subfield>
  </datafield>
  <datafield tag="100" ind1=" " ind2=" ">
    <subfield code="a">20060719d1585        0itac0103    ba</subfield>
  </datafield>
  <datafield tag="101" ind1=" " ind2=" ">
    <subfield code="a">ITA</subfield>
  </datafield>
  <datafield tag="102" ind1=" " ind2=" ">
    <subfield code="a">IT</subfield>
  </datafield>
  <datafield tag="200" ind1="1" ind2=" ">
    <subfield code="a">Copia d&apos;vna lettera del molto r.p. don Carlo Bascape, proposto di S. Bernaba di Milano. A monsig. vescouo di Piacenza, per relatione del felice passaggio dell&apos;illustris sig. cardinale Borromeo, di questa a miglior uita</subfield>
  </datafield>
  <datafield tag="210" ind1=" " ind2=" ">
    <subfield code="a">In Firenze</subfield>
    <subfield code="c">appresso Francesco Tosi</subfield>
    <subfield code="d">e Compagni</subfield>
    <subfield code="d">1585</subfield>
  </datafield>
  <datafield tag="215" ind1=" " ind2=" ">
    <subfield code="a">11, \1! p.</subfield>
    <subfield code="d">4℗ð</subfield>
  </datafield>
  <datafield tag="300" ind1=" " ind2=" ">
    <subfield code="a">ANNULLATA !!!!  vedi 4552Marca (Z778) sul front. -  Cors. ; rom. -  Segn.: Áœ. -  Iniziali e fregi xil. - Sul front IT\ICCU\RMLM\000518</subfield>
  </datafield>
  <datafield tag="620" ind1=" " ind2=" ">
    <subfield code="a">IT</subfield>
    <subfield code="d">Firenze</subfield>
  </datafield>
  <datafield tag="700" ind1=" " ind2="1">
    <subfield code="a">Bascap,̈</subfield>
    <subfield code="b">Carlo</subfield>
    <subfield code="3">IT\ICCU\CNCA\001447</subfield>
  </datafield>
  <datafield tag="712" ind1="0" ind2="0">
    <subfield code="a">Tosi, Francesco</subfield>
    <subfield code="3">IT\ICCU\CNCT\000581</subfield>
    <subfield code="4">650</subfield>
  </datafield>
  <datafield tag="791" ind1="0" ind2="0">
    <subfield code="a">Tosius, Franciscus</subfield>
    <subfield code="3">IT\ICCU\CNCT\005596</subfield>
    <subfield code="z">Tosi, Francesco</subfield>
  </datafield>
  <datafield tag="801" ind1=" " ind2="3">
    <subfield code="a">IT</subfield>
    <subfield code="b">ICCU</subfield>
    <subfield code="c">20201115</subfield>
  </datafield>
  <datafield tag="899" ind1=" " ind2=" ">
    <subfield code="a">Biblioteca universitaria Alessandrina. Roma</subfield>
    <subfield code="1">RM0280</subfield>
    <subfield code="2">RML 01</subfield>
  </datafield>
</record>
</collection>
